@article{li2022blip,
  title={BLIP: Bootstrapping Language-Image Pre-training for Unified Vision-Language Understanding and Generation},
  author={Li, Junnan and Li, Dongxu and Xiong, Caiming and Hoi, Steven},
  journal={arXiv preprint arXiv:2201.12086},
  year={2022}
}